%YAML 1.1
%TAG !u! tag:unity3d.com,2011:
--- !u!1001 &3466658498583868398
PrefabInstance:
  m_ObjectHideFlags: 0
  serializedVersion: 2
  m_Modification:
    serializedVersion: 2
    m_TransformParent: {fileID: 6993829428173216712}
    m_Modifications:
    - target: {fileID: 7161930875117271669, guid: 3dfda08e28cb34d47a63fc8e3e552068,
        type: 3}
      propertyPath: m_Name
      value: SaltBag (2)
      objectReference: {fileID: 0}
    - target: {fileID: 7507388995307053263, guid: 3dfda08e28cb34d47a63fc8e3e552068,
        type: 3}
      propertyPath: m_RootOrder
      value: -1
      objectReference: {fileID: 0}
    - target: {fileID: 7507388995307053263, guid: 3dfda08e28cb34d47a63fc8e3e552068,
        type: 3}
      propertyPath: m_LocalScale.x
      value: 0.37681618
      objectReference: {fileID: 0}
    - target: {fileID: 7507388995307053263, guid: 3dfda08e28cb34d47a63fc8e3e552068,
        type: 3}
      propertyPath: m_LocalScale.y
      value: 0.27664375
      objectReference: {fileID: 0}
    - target: {fileID: 7507388995307053263, guid: 3dfda08e28cb34d47a63fc8e3e552068,
        type: 3}
      propertyPath: m_LocalScale.z
      value: 0.5831036
      objectReference: {fileID: 0}
    - target: {fileID: 7507388995307053263, guid: 3dfda08e28cb34d47a63fc8e3e552068,
        type: 3}
      propertyPath: m_LocalPosition.x
      value: -0.021999829
      objectReference: {fileID: 0}
    - target: {fileID: 7507388995307053263, guid: 3dfda08e28cb34d47a63fc8e3e552068,
        type: 3}
      propertyPath: m_LocalPosition.y
      value: -0.444
      objectReference: {fileID: 0}
    - target: {fileID: 7507388995307053263, guid: 3dfda08e28cb34d47a63fc8e3e552068,
        type: 3}
      propertyPath: m_LocalPosition.z
      value: 0.08800006
      objectReference: {fileID: 0}
    - target: {fileID: 7507388995307053263, guid: 3dfda08e28cb34d47a63fc8e3e552068,
        type: 3}
      propertyPath: m_LocalRotation.w
      value: 0.6684651
      objectReference: {fileID: 0}
    - target: {fileID: 7507388995307053263, guid: 3dfda08e28cb34d47a63fc8e3e552068,
        type: 3}
      propertyPath: m_LocalRotation.x
      value: -0
      objectReference: {fileID: 0}
    - target: {fileID: 7507388995307053263, guid: 3dfda08e28cb34d47a63fc8e3e552068,
        type: 3}
      propertyPath: m_LocalRotation.y
      value: -0.74374354
      objectReference: {fileID: 0}
    - target: {fileID: 7507388995307053263, guid: 3dfda08e28cb34d47a63fc8e3e552068,
        type: 3}
      propertyPath: m_LocalRotation.z
      value: -0
      objectReference: {fileID: 0}
    - target: {fileID: 7507388995307053263, guid: 3dfda08e28cb34d47a63fc8e3e552068,
        type: 3}
      propertyPath: m_LocalEulerAnglesHint.x
      value: 0
      objectReference: {fileID: 0}
    - target: {fileID: 7507388995307053263, guid: 3dfda08e28cb34d47a63fc8e3e552068,
        type: 3}
      propertyPath: m_LocalEulerAnglesHint.y
      value: -6.103
      objectReference: {fileID: 0}
    - target: {fileID: 7507388995307053263, guid: 3dfda08e28cb34d47a63fc8e3e552068,
        type: 3}
      propertyPath: m_LocalEulerAnglesHint.z
      value: 0
      objectReference: {fileID: 0}
    m_RemovedComponents: []
    m_AddedGameObjects: []
  m_SourcePrefab: {fileID: 100100000, guid: 3dfda08e28cb34d47a63fc8e3e552068, type: 3}
--- !u!1 &6014629487749777819 stripped
GameObject:
  m_CorrespondingSourceObject: {fileID: 7161930875117271669, guid: 3dfda08e28cb34d47a63fc8e3e552068,
    type: 3}
  m_PrefabInstance: {fileID: 3466658498583868398}
  m_PrefabAsset: {fileID: 0}
--- !u!114 &2711538223060959666
MonoBehaviour:
  m_ObjectHideFlags: 0
  m_CorrespondingSourceObject: {fileID: 0}
  m_PrefabInstance: {fileID: 0}
  m_PrefabAsset: {fileID: 0}
  m_GameObject: {fileID: 6014629487749777819}
  m_Enabled: 1
  m_EditorHideFlags: 0
  m_Script: {fileID: 11500000, guid: 109121cacd0a7164390acb0ea79131e2, type: 3}
  m_Name: 
  m_EditorClassIdentifier: 
  outlineMatRef: {fileID: 2100000, guid: 4144e5ecedb3a10409fedbf6dbeaa410, type: 2}
--- !u!4 &6355582972935672609 stripped
Transform:
  m_CorrespondingSourceObject: {fileID: 7507388995307053263, guid: 3dfda08e28cb34d47a63fc8e3e552068,
    type: 3}
  m_PrefabInstance: {fileID: 3466658498583868398}
  m_PrefabAsset: {fileID: 0}
--- !u!1001 &3963927397163736768
PrefabInstance:
  m_ObjectHideFlags: 0
  serializedVersion: 2
  m_Modification:
    serializedVersion: 2
    m_TransformParent: {fileID: 0}
    m_Modifications:
    - target: {fileID: 1647874232320831044, guid: 438215cdc738f8544897b52c36c46042,
        type: 3}
      propertyPath: m_LocalPosition.x
      value: 0.09
      objectReference: {fileID: 0}
    - target: {fileID: 1647874232320831044, guid: 438215cdc738f8544897b52c36c46042,
        type: 3}
      propertyPath: m_LocalPosition.y
      value: 0.099
      objectReference: {fileID: 0}
    - target: {fileID: 1647874232320831044, guid: 438215cdc738f8544897b52c36c46042,
        type: 3}
      propertyPath: m_LocalPosition.z
      value: 0.083
      objectReference: {fileID: 0}
    - target: {fileID: 2248566534857652394, guid: 438215cdc738f8544897b52c36c46042,
        type: 3}
      propertyPath: m_Size.x
      value: 1.4043918
      objectReference: {fileID: 0}
    - target: {fileID: 2248566534857652394, guid: 438215cdc738f8544897b52c36c46042,
        type: 3}
      propertyPath: m_Size.y
      value: 0.75597024
      objectReference: {fileID: 0}
    - target: {fileID: 2248566534857652394, guid: 438215cdc738f8544897b52c36c46042,
        type: 3}
      propertyPath: m_Size.z
      value: 0.8535822
      objectReference: {fileID: 0}
    - target: {fileID: 2248566534857652394, guid: 438215cdc738f8544897b52c36c46042,
        type: 3}
      propertyPath: m_Center.x
      value: 0.0069725513
      objectReference: {fileID: 0}
    - target: {fileID: 2248566534857652394, guid: 438215cdc738f8544897b52c36c46042,
        type: 3}
      propertyPath: m_Center.y
      value: -0.28237712
      objectReference: {fileID: 0}
    - target: {fileID: 2248566534857652394, guid: 438215cdc738f8544897b52c36c46042,
        type: 3}
      propertyPath: m_Center.z
      value: 0.0732089
      objectReference: {fileID: 0}
    - target: {fileID: 2860356902452395209, guid: 438215cdc738f8544897b52c36c46042,
        type: 3}
      propertyPath: breadIngridient
      value: 
      objectReference: {fileID: 8986190157215693931, guid: 0d56e46261dfee445a0d96fab7d22732,
        type: 3}
    - target: {fileID: 2860356902452395209, guid: 438215cdc738f8544897b52c36c46042,
        type: 3}
      propertyPath: outlineHandlers.Array.size
      value: 2
      objectReference: {fileID: 0}
    - target: {fileID: 2860356902452395209, guid: 438215cdc738f8544897b52c36c46042,
        type: 3}
      propertyPath: outlineHandlers.Array.data[0]
      value: 
      objectReference: {fileID: 2711538223060959666}
    - target: {fileID: 2860356902452395209, guid: 438215cdc738f8544897b52c36c46042,
        type: 3}
      propertyPath: outlineHandlers.Array.data[1]
      value: 
      objectReference: {fileID: 8235793084856326758}
    - target: {fileID: 3555185795816268495, guid: 438215cdc738f8544897b52c36c46042,
        type: 3}
      propertyPath: m_Name
      value: SaltSpawner
      objectReference: {fileID: 0}
    - target: {fileID: 6200788424783430920, guid: 438215cdc738f8544897b52c36c46042,
        type: 3}
      propertyPath: m_RootOrder
      value: -1
      objectReference: {fileID: 0}
    - target: {fileID: 6200788424783430920, guid: 438215cdc738f8544897b52c36c46042,
        type: 3}
      propertyPath: m_LocalPosition.x
      value: 0.375
      objectReference: {fileID: 0}
    - target: {fileID: 6200788424783430920, guid: 438215cdc738f8544897b52c36c46042,
        type: 3}
      propertyPath: m_LocalPosition.y
      value: 0.569
      objectReference: {fileID: 0}
    - target: {fileID: 6200788424783430920, guid: 438215cdc738f8544897b52c36c46042,
        type: 3}
      propertyPath: m_LocalPosition.z
      value: 4.547
      objectReference: {fileID: 0}
    - target: {fileID: 6200788424783430920, guid: 438215cdc738f8544897b52c36c46042,
        type: 3}
      propertyPath: m_LocalRotation.w
      value: 0.7071068
      objectReference: {fileID: 0}
    - target: {fileID: 6200788424783430920, guid: 438215cdc738f8544897b52c36c46042,
        type: 3}
      propertyPath: m_LocalRotation.x
      value: -0
      objectReference: {fileID: 0}
    - target: {fileID: 6200788424783430920, guid: 438215cdc738f8544897b52c36c46042,
        type: 3}
      propertyPath: m_LocalRotation.y
      value: 0.70710677
      objectReference: {fileID: 0}
    - target: {fileID: 6200788424783430920, guid: 438215cdc738f8544897b52c36c46042,
        type: 3}
      propertyPath: m_LocalRotation.z
      value: -0
      objectReference: {fileID: 0}
    - target: {fileID: 6200788424783430920, guid: 438215cdc738f8544897b52c36c46042,
        type: 3}
      propertyPath: m_LocalEulerAnglesHint.x
      value: 0
      objectReference: {fileID: 0}
    - target: {fileID: 6200788424783430920, guid: 438215cdc738f8544897b52c36c46042,
        type: 3}
      propertyPath: m_LocalEulerAnglesHint.y
      value: 90
      objectReference: {fileID: 0}
    - target: {fileID: 6200788424783430920, guid: 438215cdc738f8544897b52c36c46042,
        type: 3}
      propertyPath: m_LocalEulerAnglesHint.z
      value: 0
      objectReference: {fileID: 0}
    m_RemovedComponents:
    - {fileID: 2248566534857652394, guid: 438215cdc738f8544897b52c36c46042, type: 3}
    m_AddedGameObjects:
    - targetCorrespondingSourceObject: {fileID: 6200788424783430920, guid: 438215cdc738f8544897b52c36c46042,
        type: 3}
      insertIndex: -1
      addedObject: {fileID: 6355582972935672609}
    - targetCorrespondingSourceObject: {fileID: 6200788424783430920, guid: 438215cdc738f8544897b52c36c46042,
        type: 3}
      insertIndex: -1
      addedObject: {fileID: 2158237944529661426}
  m_SourcePrefab: {fileID: 100100000, guid: 438215cdc738f8544897b52c36c46042, type: 3}
--- !u!1 &456055786788273167 stripped
GameObject:
  m_CorrespondingSourceObject: {fileID: 3555185795816268495, guid: 438215cdc738f8544897b52c36c46042,
    type: 3}
  m_PrefabInstance: {fileID: 3963927397163736768}
  m_PrefabAsset: {fileID: 0}
--- !u!136 &8062156495433617143
CapsuleCollider:
  m_ObjectHideFlags: 0
  m_CorrespondingSourceObject: {fileID: 0}
  m_PrefabInstance: {fileID: 0}
  m_PrefabAsset: {fileID: 0}
  m_GameObject: {fileID: 456055786788273167}
  m_Material: {fileID: 0}
  m_IsTrigger: 0
  m_Enabled: 1
  m_Radius: 0.34937045
  m_Height: 1.1498396
  m_Direction: 0
  m_Center: {x: 0.05230248, y: -0.26434562, z: 0.06565434}
--- !u!4 &6993829428173216712 stripped
Transform:
  m_CorrespondingSourceObject: {fileID: 6200788424783430920, guid: 438215cdc738f8544897b52c36c46042,
    type: 3}
  m_PrefabInstance: {fileID: 3963927397163736768}
  m_PrefabAsset: {fileID: 0}
--- !u!1001 &8492666820497607997
PrefabInstance:
  m_ObjectHideFlags: 0
  serializedVersion: 2
  m_Modification:
    serializedVersion: 2
    m_TransformParent: {fileID: 6993829428173216712}
    m_Modifications:
    - target: {fileID: 7161930875117271669, guid: 3dfda08e28cb34d47a63fc8e3e552068,
        type: 3}
      propertyPath: m_Name
      value: SaltBag (3)
      objectReference: {fileID: 0}
    - target: {fileID: 7507388995307053263, guid: 3dfda08e28cb34d47a63fc8e3e552068,
        type: 3}
      propertyPath: m_RootOrder
      value: -1
      objectReference: {fileID: 0}
    - target: {fileID: 7507388995307053263, guid: 3dfda08e28cb34d47a63fc8e3e552068,
        type: 3}
      propertyPath: m_LocalScale.x
      value: 0.37681612
      objectReference: {fileID: 0}
    - target: {fileID: 7507388995307053263, guid: 3dfda08e28cb34d47a63fc8e3e552068,
        type: 3}
      propertyPath: m_LocalScale.y
      value: 0.27664375
      objectReference: {fileID: 0}
    - target: {fileID: 7507388995307053263, guid: 3dfda08e28cb34d47a63fc8e3e552068,
        type: 3}
      propertyPath: m_LocalScale.z
      value: 0.58310354
      objectReference: {fileID: 0}
    - target: {fileID: 7507388995307053263, guid: 3dfda08e28cb34d47a63fc8e3e552068,
        type: 3}
      propertyPath: m_LocalPosition.x
      value: 0.065999985
      objectReference: {fileID: 0}
    - target: {fileID: 7507388995307053263, guid: 3dfda08e28cb34d47a63fc8e3e552068,
        type: 3}
      propertyPath: m_LocalPosition.y
      value: -0.13899994
      objectReference: {fileID: 0}
    - target: {fileID: 7507388995307053263, guid: 3dfda08e28cb34d47a63fc8e3e552068,
        type: 3}
      propertyPath: m_LocalPosition.z
      value: 0.060999982
      objectReference: {fileID: 0}
    - target: {fileID: 7507388995307053263, guid: 3dfda08e28cb34d47a63fc8e3e552068,
        type: 3}
      propertyPath: m_LocalRotation.w
      value: 0.0000018208749
      objectReference: {fileID: 0}
    - target: {fileID: 7507388995307053263, guid: 3dfda08e28cb34d47a63fc8e3e552068,
        type: 3}
      propertyPath: m_LocalRotation.x
      value: -0.7138402
      objectReference: {fileID: 0}
    - target: {fileID: 7507388995307053263, guid: 3dfda08e28cb34d47a63fc8e3e552068,
        type: 3}
      propertyPath: m_LocalRotation.y
      value: -0.0000018880464
      objectReference: {fileID: 0}
    - target: {fileID: 7507388995307053263, guid: 3dfda08e28cb34d47a63fc8e3e552068,
        type: 3}
      propertyPath: m_LocalRotation.z
      value: 0.7003087
      objectReference: {fileID: 0}
    - target: {fileID: 7507388995307053263, guid: 3dfda08e28cb34d47a63fc8e3e552068,
        type: 3}
      propertyPath: m_LocalEulerAnglesHint.x
      value: 0
      objectReference: {fileID: 0}
    - target: {fileID: 7507388995307053263, guid: 3dfda08e28cb34d47a63fc8e3e552068,
        type: 3}
      propertyPath: m_LocalEulerAnglesHint.y
      value: -91.096
      objectReference: {fileID: 0}
    - target: {fileID: 7507388995307053263, guid: 3dfda08e28cb34d47a63fc8e3e552068,
        type: 3}
      propertyPath: m_LocalEulerAnglesHint.z
      value: 180
      objectReference: {fileID: 0}
    m_RemovedComponents: []
    m_AddedGameObjects: []
  m_SourcePrefab: {fileID: 100100000, guid: 3dfda08e28cb34d47a63fc8e3e552068, type: 3}
--- !u!1 &1637139095358928712 stripped
GameObject:
  m_CorrespondingSourceObject: {fileID: 7161930875117271669, guid: 3dfda08e28cb34d47a63fc8e3e552068,
    type: 3}
  m_PrefabInstance: {fileID: 8492666820497607997}
  m_PrefabAsset: {fileID: 0}
--- !u!114 &8235793084856326758
MonoBehaviour:
  m_ObjectHideFlags: 0
  m_CorrespondingSourceObject: {fileID: 0}
  m_PrefabInstance: {fileID: 0}
  m_PrefabAsset: {fileID: 0}
  m_GameObject: {fileID: 1637139095358928712}
  m_Enabled: 1
  m_EditorHideFlags: 0
  m_Script: {fileID: 11500000, guid: 109121cacd0a7164390acb0ea79131e2, type: 3}
  m_Name: 
  m_EditorClassIdentifier: 
  outlineMatRef: {fileID: 2100000, guid: 4144e5ecedb3a10409fedbf6dbeaa410, type: 2}
--- !u!4 &2158237944529661426 stripped
Transform:
  m_CorrespondingSourceObject: {fileID: 7507388995307053263, guid: 3dfda08e28cb34d47a63fc8e3e552068,
    type: 3}
  m_PrefabInstance: {fileID: 8492666820497607997}
  m_PrefabAsset: {fileID: 0}
